<record xmlns="http://www.loc.gov/MARC21/slim">
   <leader>02229cam a2200373 i 4500</leader>
   <controlfield tag="001">6815285</controlfield>
   <controlfield tag="003">OCoLC</controlfield>
   <controlfield tag="005">20150209134016.0</controlfield>
   <controlfield tag="008">080410t20152015enka     b    001 0 eng  </controlfield>
   <datafield ind1=" " ind2=" " tag="020">
      <subfield code="a">9781780675565 (paperback)</subfield>
   </datafield>
   <datafield ind1=" " ind2=" " tag="020">
      <subfield code="a">1780675569 (paperback)</subfield>
   </datafield>
   <datafield ind1=" " ind2=" " tag="035">
      <subfield code="a">ocn897488428</subfield>
   </datafield>
   <datafield ind1=" " ind2=" " tag="040">
      <subfield code="a">AU@</subfield>
      <subfield code="b">eng</subfield>
      <subfield code="e">rda</subfield>
      <subfield code="c">AU@</subfield>
      <subfield code="d">OCLCO</subfield>
      <subfield code="d">UAB</subfield>
      <subfield code="d">AEU</subfield>
   </datafield>
   <datafield ind1=" " ind2="4" tag="050">
      <subfield code="a">HF5811</subfield>
      <subfield code="b">.V45 2015</subfield>
   </datafield>
   <datafield ind1="0" ind2="4" tag="082">
      <subfield code="a">659.1</subfield>
      <subfield code="2">23</subfield>
   </datafield>
   <datafield ind1=" " ind2=" " tag="090">
      <subfield code="a">HF 5811 V45 2015</subfield>
      <subfield code="b">AEU</subfield>
   </datafield>
   <datafield ind1="1" ind2=" " tag="100">
      <subfield code="a">Veksner, Simon,</subfield>
      <subfield code="e">author.</subfield>
   </datafield>
   <datafield ind1="1" ind2="0" tag="245">
      <subfield code="a">100 ideas that changed advertising /</subfield>
      <subfield code="c">Simon Veksner.</subfield>
   </datafield>
   <datafield ind1="3" ind2=" " tag="246">
      <subfield code="a">One hundred ideas that changed advertising.</subfield>
   </datafield>
   <datafield ind1=" " ind2="1" tag="264">
      <subfield code="a">London :</subfield>
      <subfield code="b">Laurence King Publishing,</subfield>
      <subfield code="c">2015.</subfield>
   </datafield>
   <datafield ind1=" " ind2="4" tag="264">
      <subfield code="c">©2015</subfield>
   </datafield>
   <datafield ind1=" " ind2=" " tag="300">
      <subfield code="a">216 pages :</subfield>
      <subfield code="b">color illustrations ;</subfield>
      <subfield code="c">27 cm</subfield>
   </datafield>
   <datafield ind1=" " ind2=" " tag="336">
      <subfield code="a">text</subfield>
      <subfield code="b">txt</subfield>
      <subfield code="2">rdacontent</subfield>
   </datafield>
   <datafield ind1=" " ind2=" " tag="336">
      <subfield code="a">still image</subfield>
      <subfield code="b">sti</subfield>
      <subfield code="2">rdacontent</subfield>
   </datafield>
   <datafield ind1=" " ind2=" " tag="337">
      <subfield code="a">unmediated</subfield>
      <subfield code="b">n</subfield>
      <subfield code="2">rdamedia</subfield>
   </datafield>
   <datafield ind1=" " ind2=" " tag="338">
      <subfield code="a">volume</subfield>
      <subfield code="b">nc</subfield>
      <subfield code="2">rdacarrier</subfield>
   </datafield>
   <datafield ind1=" " ind2=" " tag="504">
      <subfield code="a">Includes bibliographical references and index.</subfield>
   </datafield>
   <datafield ind1=" " ind2=" " tag="520">
      <subfield code="a">A chronicle of the key ideas that have shaped the adverts we see everyday, 100 Ideas That Changed Advertising offers a fascinating insight into an ever- changing and fast-moving industry. Arranged broadly chronologically, the book looks at the overnight revolutions, the flashes of inspiration and the long-term evolutions that advertisers have wrought upon their industry. Author Simon Veksner guides us through the key ideas behind these changes, from the development of the first advertising formats and the history of branding, to the creative revolutions of the 1960s and the digital age. Looking forward, the book considers the most recent thinking in reaching new audiences, including the rise of neuromarketing and the latest behavioural economics. Illustrated with hundreds of examples of adverts and explaining their power to inspire, delight and annoy, but above all, to make us buy, the book is an absorbing guide to a turbulent, highly-creative industry.</subfield>
   </datafield>
   <datafield ind1=" " ind2=" " tag="596">
      <subfield code="a">43</subfield>
   </datafield>
   <datafield ind1=" " ind2="0" tag="650">
      <subfield code="a">Advertising</subfield>
      <subfield code="x">History.</subfield>
   </datafield>
   <datafield ind1=" " ind2="0" tag="650">
      <subfield code="a">Marketing.</subfield>
   </datafield>
   <datafield ind1=" " ind2="0" tag="650">
      <subfield code="a">Branding (Marketing)</subfield>
   </datafield>
   <datafield ind1=" " ind2=" " tag="949">
      <subfield code="a">HF 5811 V45 2015</subfield>
      <subfield code="h">UAHS-B</subfield>
      <subfield code="i">0162035247996</subfield>
   </datafield>
   <datafield ind1=" " ind2=" " tag="926">
      <subfield code="a">HF 5811 V45 2015</subfield>
      <subfield code="w">LC</subfield>
      <subfield code="c">1</subfield>
      <subfield code="i">0162035247996</subfield>
      <subfield code="d">6/3/2015</subfield>
      <subfield code="e">5/25/2015</subfield>
      <subfield code="l">ON_SHELF</subfield>
      <subfield code="m">UAHSS</subfield>
      <subfield code="n">2</subfield>
      <subfield code="p">$150.00</subfield>
      <subfield code="r">Y</subfield>
      <subfield code="s">Y</subfield>
      <subfield code="t">BOOK</subfield>
      <subfield code="u">3/4/2015</subfield>
   </datafield>
</record>
